@article{cummings-2017,
	author = {given-i=N., given=Neil, family=Cummings},
	date = {2017-06},
	doi = {10.1017/s0022050717000468},
	journaltitle = {The Journal of Economic History},
	number = {2},
	pages = {406--439},
	publisher = {Cambridge University Press (CUP)},
	title = {Lifespans of the European Elite, 800–1800},
	url = {http://dx.doi.org/10.1017/s0022050717000468},
	volume = {77},
}
@article{eisner-2011,
	author = {given-i=M., given=M., family=Eisner},
	date = {2011-01-31},
	doi = {10.1093/bjc/azr004},
	journaltitle = {British Journal of Criminology},
	number = {3},
	pages = {556--577},
	publisher = {Oxford University Press (OUP)},
	title = {Killing Kings: Patterns of Regicide in Europe, AD 600-1800},
	url = {http://dx.doi.org/10.1093/bjc/azr004},
	volume = {51},
}
@online{encyclopedia-britannica-1998,
	author = {{Encyclopedia Britannica}},
	date = {1998},
	title = {Black Death | Definition, Cause, Symptoms, Effects, Death Toll, & Facts},
	url = {https://www.britannica.com/event/Black-Death/Cause-and-outbreak},
	urldate = {2023-01-26},
}
@article{kokkonen-2014,
	author = {given-i=A., given=Andrej, family=Kokkonen and given-i=A., given=Anders, family=Sundell},
	date = {2014-04-28},
	doi = {10.1017/s000305541400015x},
	journaltitle = {American Political Science Review},
	number = {2},
	pages = {438--453},
	publisher = {Cambridge University Press (CUP)},
	title = {Delivering Stability—Primogeniture and Autocratic Survival in European Monarchies 1000–1800},
	url = {http://dx.doi.org/10.1017/s000305541400015x},
	volume = {108},
}
@dataset{our-world-in-data-2013,
	author = {{Our World in Data} and given-i=M., given={Max }, family=Roser and given-i=E., given={Esteban }, family=Ortiz-Ospina and given-i=H., given={Hannah }, family=Ritchie},
	date = {2013},
	title = {Life Expectancy},
	url = {https://ourworldindata.org/life-expectancy},
}
@article{riley-2005,
	author = {given-i={J. C.}, given={James C.}, family=Riley},
	date = {2005-09},
	doi = {10.1111/j.1728-4457.2005.00083.x},
	journaltitle = {Population and Development Review},
	number = {3},
	pages = {537--543},
	publisher = {Wiley},
	title = {Estimates of Regional and Global Life Expectancy, 1800-2001},
	url = {http://dx.doi.org/10.1111/j.1728-4457.2005.00083.x},
	volume = {31},
}
@article{saint-amand-1993,
	author = {given-i=P., given=Pierre, family=Saint-Amand},
	date = {1993},
	doi = {10.2307/2739410},
	journaltitle = {Eighteenth-Century Studies},
	number = {3},
	pages = {399},
	publisher = {JSTOR},
	title = {Original Vengeance: Politics, Anthropology, and the French Enlightenment},
	url = {http://dx.doi.org/10.2307/2739410},
	volume = {26},
}
@dataset{un-department-of-economic-and-social-affairs-2022,
	author = {{UN Department of Economic and Social Affairs}},
	date = {2022},
	title = {UN World Population Prospects},
	url = {https://population.un.org/wpp/Download/Standard/Population/},
}
@dataset{zijdeman-2016,
	author = {given-i=R., given={Richard }, family=Zijdeman},
	date = {2016},
	title = {Life Expectancy at Birth (Total)},
	url = {https://clio-infra.eu/Indicators/LifeExpectancyatBirthTotal.html},
	version = {v2},
}